@book{pearl2009causality,
  title={Causality: models, reasoning and inference},
  author={Pearl, Judea},
  year={2009},
  edition={2nd},
  publisher={Cambridge university press}
}

@book{hastie2009elements,
  title={The elements of statistical learning: data mining, inference, and prediction},
  author={Hastie, Trevor and Tibshirani, Robert and Friedman, Jerome},
  year={2009},
  edition={2nd},
  publisher={Springer Science \& Business Media}
}

@book{imbens2015causal,
  title={Causal inference for statistics, social, and biomedical sciences: an introduction},
  author={Imbens, Guido W and Rubin, Donald B},
  year={2015},
  publisher={Cambridge University Press}
}

@article{kunzel2019metalearners,
  title={Metalearners for estimating heterogeneous treatment effects using machine learning},
  author={K{\"u}nzel, S{\"o}ren R and Sekhon, Jasjeet S and Bickel, Peter J and Yu, Bin},
  journal={Proceedings of the national academy of sciences},
  volume={116},
  number={10},
  pages={4156--4165},
  year={2019},
  publisher={National Acad Sciences}
}

@article{nie2021quasi,
  title={Quasi-oracle estimation of heterogeneous treatment effects},
  author={Nie, Xinkun and Wager, Stefan},
  journal={Biometrika},
  volume={108},
  number={2},
  pages={299--319},
  year={2021},
  publisher={Oxford University Press}
}

@article{bengio2013representation,
  title={Representation learning: A review and new perspectives},
  author={Bengio, Yoshua and Courville, Aaron and Vincent, Pascal},
  journal={IEEE transactions on pattern analysis and machine intelligence},
  volume={35},
  number={8},
  pages={1798--1828},
  year={2013},
  publisher={IEEE}
}

@article{rubin1974estimating,
  title={Estimating causal effects of treatments in randomized and nonrandomized studies},
  author={Rubin, Donald B},
  journal={Journal of educational Psychology},
  volume={66},
  number={5},
  pages={688},
  year={1974},
  publisher={American Psychological Association}
}

@article{rosenbaum1983central,
  title={The central role of the propensity score in observational studies for causal effects},
  author={Rosenbaum, Paul R and Rubin, Donald B},
  journal={Biometrika},
  volume={70},
  number={1},
  pages={41--55},
  year={1983},
  publisher={Oxford University Press}
}

@article{holland1986statistics,
  title={Statistics and causal inference},
  author={Holland, Paul W},
  journal={Journal of the American statistical Association},
  volume={81},
  number={396},
  pages={945--960},
  year={1986},
  publisher={Taylor \& Francis}
}

@book{morgan2015counterfactuals,
  title={Counterfactuals and causal inference: Methods and principles for social research},
  author={Morgan, Stephen L and Winship, Christopher},
  year={2015},
  edition={2nd},
  publisher={Cambridge University Press}
}

@article{angrist1996identification,
  title={Identification of causal effects using instrumental variables},
  author={Angrist, Joshua D and Imbens, Guido W and Rubin, Donald B},
  journal={Journal of the American statistical Association},
  volume={91},
  number={434},
  pages={444--455},
  year={1996},
  publisher={Taylor \& Francis}
}

@article{spirtes1991algorithm,
  title={An algorithm for fast recovery of sparse causal graphs},
  author={Spirtes, Peter and Glymour, Clark and Scheines, Richard},
  journal={Social science computer review},
  volume={9},
  number={1},
  pages={62--72},
  year={1991},
  publisher={Sage Publications Sage CA: Thousand Oaks, CA}
}

@book{spirtes2000causation,
  title={Causation, prediction, and search},
  author={Spirtes, Peter and Glymour, Clark N and Scheines, Richard and Heckerman, David},
  year={2000},
  edition={2nd},
  publisher={MIT press}
}

@article{shimizu2006linear,
  title={A linear non-Gaussian acyclic model for causal discovery},
  author={Shimizu, Shohei and Hoyer, Patrik O and Hyv{\"a}rinen, Aapo and Kerminen, Antti},
  journal={Journal of Machine Learning Research},
  volume={7},
  pages={2003--2030},
  year={2006}
}

@inproceedings{peters2014causal,
  title={Causal inference by using invariant prediction: identification and confidence intervals},
  author={Peters, Jonas and B{\"u}hlmann, Peter and Meinshausen, Nicolai},
  booktitle={Journal of the Royal Statistical Society: Series B (Statistical Methodology)},
  volume={76},
  number={5},
  pages={947--1012},
  year={2014}
}

@article{athey2016recursive,
  title={Recursive partitioning for heterogeneous causal effects},
  author={Athey, Susan and Imbens, Guido},
  journal={Proceedings of the National Academy of Sciences},
  volume={113},
  number={27},
  pages={7353--7360},
  year={2016},
  publisher={National Acad Sciences}
}

@article{wager2018estimation,
  title={Estimation and inference of heterogeneous treatment effects using random forests},
  author={Wager, Stefan and Athey, Susan},
  journal={Journal of the American Statistical Association},
  volume={113},
  number={523},
  pages={1228--1242},
  year={2018},
  publisher={Taylor \& Francis}
}

@article{shalit2017estimating,
  title={Estimating individual treatment effect: generalization bounds and algorithms},
  author={Shalit, Uri and Johansson, Fredrik D and Sontag, David},
  journal={Proceedings of the 34th International Conference on Machine Learning},
  pages={3076--3085},
  year={2017}
}

@article{louizos2017causal,
  title={Causal effect inference with deep latent-variable models},
  author={Louizos, Christos and Shalit, Uri and Mooij, Joris M and Sontag, David and Zemel, Richard and Welling, Max},
  journal={Advances in neural information processing systems},
  volume={30},
  year={2017}
}

@article{yoon2018ganite,
  title={GANITE: Estimation of individualized treatment effects using generative adversarial nets},
  author={Yoon, Jinsung and Jordon, James and Van Der Schaar, Mihaela},
  journal={International conference on learning representations},
  year={2018}
}

@article{gal2016dropout,
  title={Dropout as a bayesian approximation: Representing model uncertainty in deep learning},
  author={Gal, Yarin and Ghahramani, Zoubin},
  journal={international conference on machine learning},
  pages={1050--1059},
  year={2016}
}

@article{kendall2017uncertainties,
  title={What uncertainties do we need in bayesian deep learning for computer vision?},
  author={Kendall, Alex and Gal, Yarin},
  journal={Advances in neural information processing systems},
  volume={30},
  year={2017}
}

@article{lakshminarayanan2017simple,
  title={Simple and scalable predictive uncertainty estimation using deep ensembles},
  author={Lakshminarayanan, Balaji and Pritzel, Alexander and Blundell, Charles},
  journal={Advances in neural information processing systems},
  volume={30},
  year={2017}
}

@misc{causalsci2024,
  title={Distribution-consistency Structural Causal Models},
  author={Anonymous},
  year={2024},
  note={arXiv preprint arXiv:2401.15911}
}

@article{yoon2018ganite,
  title={GANITE: Estimation of individualized treatment effects using generative adversarial nets},
  author={Yoon, Jinsung and Jordon, James and Van Der Schaar, Mihaela},
  journal={International Conference on Learning Representations},
  year={2018}
}

% Robust Regression References
@article{huber1964robust,
  title={Robust estimation of a location parameter},
  author={Huber, Peter J},
  journal={The annals of mathematical statistics},
  volume={35},
  number={1},
  pages={73--101},
  year={1964},
  publisher={JSTOR}
}

@book{huber2009robust,
  title={Robust statistics},
  author={Huber, Peter J and Ronchetti, Elvezio M},
  year={2009},
  edition={2nd},
  publisher={John Wiley \& Sons}
}

@article{rousseeuw1987robust,
  title={Robust regression and outlier detection},
  author={Rousseeuw, Peter J and Leroy, Annick M},
  journal={Wiley series in probability and mathematical statistics},
  year={1987},
  publisher={Wiley New York}
}

@article{hampel1986robust,
  title={Robust statistics: the approach based on influence functions},
  author={Hampel, Frank R and Ronchetti, Elvezio M and Rousseeuw, Peter J and Stahel, Werner A},
  journal={Wiley series in probability and mathematical statistics},
  year={1986},
  publisher={Wiley New York}
}

@article{han2018co,
  title={Co-teaching: Robust training of deep neural networks with extremely noisy labels},
  author={Han, Bo and Yao, Quanming and Yu, Xingrui and Niu, Gang and Xu, Miao and Hu, Weihua and Tsang, Ivor and Sugiyama, Masashi},
  journal={Advances in neural information processing systems},
  volume={31},
  year={2018}
}

@article{natarajan2013learning,
  title={Learning with noisy labels},
  author={Natarajan, Nagarajan and Dhillon, Inderjit S and Ravikumar, Pradeep K and Tewari, Ambuj},
  journal={Advances in neural information processing systems},
  volume={26},
  year={2013}
}

@article{koenker1978regression,
  title={Regression quantiles},
  author={Koenker, Roger and Bassett Jr, Gilbert},
  journal={Econometrica: journal of the Econometric Society},
  pages={33--50},
  year={1978},
  publisher={JSTOR}
}

@article{maronna2019robust,
  title={Robust statistics: theory and methods (with R)},
  author={Maronna, Ricardo A and Martin, R Douglas and Yohai, Victor J and Sali{\'a}n-Barrera, Mat{\'i}as},
  year={2019},
  edition={2nd},
  publisher={John Wiley \& Sons}
}